<record><leader>00000cas a22000007a 4500</leader><controlfield tag="001">8805092</controlfield><controlfield tag="008">820924d19271962gauwr ne      0    0eng  </controlfield><datafield ind1=" " ind2=" " tag="010"><subfield code="a">sn 82014933 </subfield></datafield><datafield ind1=" " ind2=" " tag="040"><subfield code="a">DLC</subfield><subfield code="b">eng</subfield><subfield code="c">DLC</subfield><subfield code="d">NLG</subfield><subfield code="d">GUA</subfield><subfield code="d">OCLCO</subfield><subfield code="d">OCLCQ</subfield><subfield code="d">OCLCF</subfield></datafield><datafield ind1="1" ind2=" " tag="029"><subfield code="a">AU@</subfield><subfield code="b">000020412761</subfield></datafield><datafield ind1=" " ind2=" " tag="042"><subfield code="a">msc</subfield></datafield><datafield ind1=" " ind2=" " tag="043"><subfield code="a">n-us-ga</subfield></datafield><datafield ind1="0" ind2="0" tag="050"><subfield code="a">Newspaper 7002</subfield></datafield><datafield ind1="0" ind2="4" tag="245"><subfield code="a">The Dalton news.</subfield></datafield><datafield ind1="1" ind2=" " tag="246"><subfield code="i">Some holiday issues combined with Dalton citizen, and have title:</subfield><subfield code="a">Dalton news and Dalton citizen</subfield><subfield code="f">Dec. 1951-1961</subfield></datafield><datafield ind1="1" ind2=" " tag="246"><subfield code="i">Some holiday issues combined with Dalton citizen, and have title:</subfield><subfield code="a">News and citizen</subfield><subfield code="f">Dec. 1951-1961</subfield></datafield><datafield ind1=" " ind2=" " tag="260"><subfield code="a">Dalton, Ga. :</subfield><subfield code="b">Dalton Pub. Co.,</subfield><subfield code="c">[1927]-</subfield></datafield><datafield ind1=" " ind2=" " tag="300"><subfield code="a">v. :</subfield><subfield code="b">ill. ;</subfield><subfield code="c">61 cm.</subfield></datafield><datafield ind1=" " ind2=" " tag="310"><subfield code="a">Weekly,</subfield><subfield code="b">Feb. 10, 1942-&lt;Mar. 28, 1962&gt;</subfield></datafield><datafield ind1=" " ind2=" " tag="321"><subfield code="a">Weekly,</subfield><subfield code="b">&lt;Aug. 11, 1927&gt;-Nov. 14, 1939</subfield></datafield><datafield ind1=" " ind2=" " tag="321"><subfield code="a">Twice a week,</subfield><subfield code="b">Nov. 16, 1939-Feb. 3, 1942</subfield></datafield><datafield ind1="1" ind2=" " tag="362"><subfield code="a">Began in 1927; ceased in 1962?</subfield></datafield><datafield ind1=" " ind2=" " tag="500"><subfield code="a">"Democratic."</subfield></datafield><datafield ind1=" " ind2=" " tag="530"><subfield code="a">Also on microfilm: Athens, Ga. : University of Georgia Libraries.</subfield></datafield><datafield ind1=" " ind2=" " tag="588"><subfield code="a">Description based on: Vol. 1, no. 14 (Aug. 11, 1927).</subfield></datafield><datafield ind1=" " ind2="0" tag="651"><subfield code="a">Whitfield County (Ga.)</subfield><subfield code="v">Newspapers.</subfield></datafield><datafield ind1=" " ind2="7" tag="655"><subfield code="a">Newspapers.</subfield><subfield code="2">fast</subfield><subfield code="0">(OCoLC)fst01423814</subfield></datafield><datafield ind1=" " ind2="7" tag="651"><subfield code="a">Georgia</subfield><subfield code="z">Whitfield County.</subfield><subfield code="2">fast</subfield><subfield code="0">(OCoLC)fst01214632</subfield></datafield><datafield ind1=" " ind2=" " tag="752"><subfield code="a">United States</subfield><subfield code="b">Georgia</subfield><subfield code="c">Whitfield</subfield><subfield code="d">Dalton.</subfield></datafield><datafield ind1="0" ind2="0" tag="785"><subfield code="t">Dalton daily news</subfield><subfield code="w">(DLC)sn8900053940</subfield><subfield code="w">(OCoLC)21388716</subfield></datafield></record>